@article{innmann2016volumedeform,
  title={Volumedeform: Real-time volumetric non-rigid reconstruction},
  author={Innmann, Matthias and Zollh{\"o}fer, Michael and Nie{\ss}ner, Matthias and Theobalt, Christian and Stamminger, Marc},
  booktitle={European Conference on Computer Vision},
  pages={362--379},
  year={2016},
  organization={Springer}
}

@book{CanelhasDanielRicao2017Tsdf,
series = "Örebro Studies in Technology, 76",
publisher = "Örebro University",
isbn = "9789175292090",
year = "2017",
title = "Truncated signed distance fields applied to robotics",
language = "eng",
address = "Örebro",
author = "Canelhas, Daniel Ricão",
keywords = "Natural Sciences; Computer and Information Science; Computer Science; Naturvetenskap; Data- och informationsvetenskap; Datavetenskap (datalogi); Computer Science; Datavetenskap; 3D mapping; pose estimation; feature detection; shape description; compression; unsupervised learning",
}

@article{dai2017bundlefusion,
  title={BundleFusion: Real-time Globally Consistent 3D Reconstruction using On-the-fly Surface Re-integration},
  author={Dai, Angela and Nie{\ss}ner, Matthias and Zoll{\"o}fer, Michael and Izadi, Shahram and Theobalt, Christian},
  journal={ACM Transactions on Graphics 2017 (TOG)},
  year={2017}
}

@article{Lorensen:1987:MCH:37402.37422,
 author = {Lorensen, William E. and Cline, Harvey E.},
 title = {Marching Cubes: A High Resolution 3D Surface Construction Algorithm},
 journal = {SIGGRAPH Comput. Graph.},
 issue_date = {July 1987},
 volume = {21},
 number = {4},
 month = aug,
 year = {1987},
 issn = {0097-8930},
 pages = {163--169},
 numpages = {7},
 url = {http://doi.acm.org/10.1145/37402.37422},
 doi = {10.1145/37402.37422},
 acmid = {37422},
 publisher = {ACM},
 address = {New York, NY, USA},
} 

